<?xml version="1.0" encoding="UTF-8"?><collection xmlns="http://www.loc.gov/MARC21/slim"><record><leader>00428nam--2200145-i-4500</leader><controlfield tag="001">000022853</controlfield><controlfield tag="002">20161230</controlfield><controlfield tag="005">20161230201034</controlfield><controlfield tag="008">060222s1000------------r-----000-0-eng-d</controlfield><datafield ind1=" " ind2=" " tag="080"><subfield code="a">616</subfield></datafield><datafield ind1=" " ind2=" " tag="100"><subfield code="a">Hazard, Rene</subfield></datafield><datafield ind1=" " ind2=" " tag="245"><subfield code="a">Precis de therapeutique et de pharmacologie. supplement (1963) a la neuvieme edition</subfield></datafield><datafield ind1=" " ind2=" " tag="260"><subfield code="a">Paris, Masson Et C-ie, Editeurs, 1963. 158 P</subfield></datafield><datafield ind1=" " ind2=" " tag="490"><subfield code="a">Collection De Precis Medicaux</subfield></datafield><datafield ind1=" " ind2=" " tag="852"><subfield code="a">29889</subfield></datafield></record></collection>